@data{SMAP,
    author = {Kellogg, Kent and Thurman, S. and Edelstein, W. and Spencer, M. and Chen, G. and Underwood, M. and Njoku, E. and Goodman, S. and Jai, B.},
    publisher = {Pasadena, CA : Jet Propulsion Laboratory, National Aeronautics and Space Administration, 2013},
    title = {{NASA's SMAP Observatory}},
    year = {2013},
    version = {V1},
    doi = {2014/44370},
    url = {https://hdl.handle.net/2014/44370}
}
@misc{EOSSAR,
    url={https://eossar.com/technology/},
    journal={EOSSAR},
    year={2021},
    month={Sep}
} 

@misc{Capella,
    url={https://www.capellaspace.com/},
    journal={Capella Space},
    year={2024},
    month={Apr}
} 

@data{NisarMission,
    author = {Kellogg, Kent H and Barela, Phil and Sagi, Raju and Rosen, Paul and Kumar, Raj and Edelstein, Wendy and Hoffman, Pam and Bhan, Rakesh and Shen, Yuhsyen and Standley, Shaun and Shaffer, Scott and Xaypraseuth, Peter and Dunn, Charles and Guerrero, Ana Maria and Baker, Charles and Sreekantha, C V and Harinath, Nandini and Sarma, C V H S},
    publisher = {Pasadena, CA: Jet Propulsion Laboratory, National Aeronautics and Space Administration, 2020},
    title = {{NASA-ISRO Synthetic Aperture Radar (NISAR) Mission}},
    year = {2020},
    version = {DRAFT VERSION},
    doi = {2014/51150},
    url = {https://hdl.handle.net/2014/51150}
}

@data{NisarApps,
    author = {Stavros, Natasha N. and Owen, Susan and Jones, Cathleen and Osmanoglu, Batu},
    publisher = {Pasadena, CA: Jet Propulsion Laboratory, National Aeronautics and Space Administration, 2018},
    title = {{NISAR Applications}},
    year = {2018},
    version = {V2},
    doi = {2014/49181},
    url = {https://hdl.handle.net/2014/49181}
}
